@online{lipidsig,
    title = "LipidSig: a web-based tool for lipidomic data analysis",
    url  = "http://www.chenglab.cmu.edu.tw/lipidsig/",
    addendum = "(accessed: 22.02.2022)",
}

@article{salatzki2018adipose,
  title={Adipose tissue ATGL modifies the cardiac lipidome in pressure-overload-induced left ventricular failure},
  author={Salatzki, Janek and Foryst-Ludwig, Anna and Bentele, Kajetan and Blumrich, Annelie and Smeir, Elia and Ban, Zsofia and Brix, Sarah and Grune, Jana and Beyhoff, Niklas and Klopfleisch, Robert and others},
  journal={PLoS genetics},
  year={2018},
  volume={14},
  number={1},
  pages={e1007171}
}

@article{levental2020lipidomic,
  title={Lipidomic and biophysical homeostasis of mammalian membranes counteracts dietary lipid perturbations to maintain cellular fitness.},
  author={Levental KR, Malmberg E, Symons JL, Fan YY, Chapkin RS, Ernst R, Levental I.},
  journal={Nat Commun.},
  year={2020},
  volume={11},
  number={1},
  pages={1339}
}

@article{li2019landscape,
  title={The landscape of cancer cell line metabolism},
  author={Li, Haoxin and Ning, Shaoyang and Ghandi, Mahmoud and Kryukov, Gregory V and Gopal, Shuba and Deik, Amy and Souza, Amanda and Pierce, Kerry and Keskula, Paula and Hernandez, Desiree and others},
  journal={Nature medicine},
  volume={25},
  number={5},
  pages={850--860},
  year={2019}
}

@article{abdi2010principal,
  title={Principal component analysis},
  author={Abdi, Herv{\'e} and Williams, Lynne J},
  journal={Wiley interdisciplinary reviews: computational statistics},
  volume={2},
  number={4},
  pages={433--459},
  year={2010},
  publisher={Wiley Online Library}
}

@article{van2008visualizing,
  title={Visualizing data using t-SNE.},
  author={Van der Maaten, Laurens and Hinton, Geoffrey},
  journal={Journal of machine learning research},
  volume={9},
  number={11},
  year={2008}
}

@article{mcinnes2018umap,
  title={Umap: Uniform manifold approximation and projection for dimension reduction},
  author={McInnes, Leland and Healy, John and Melville, James},
  journal={arXiv preprint arXiv:1802.03426},
  year={2018}
}

@inproceedings{davis2006relationship,
  title={The relationship between Precision-Recall and ROC curves},
  author={Davis, Jesse and Goadrich, Mark},
  booktitle={Proceedings of the 23rd international conference on Machine learning},
  pages={233--240},
  year={2006}
}

@article{lundberg2017unified,
  title={A unified approach to interpreting model predictions},
  author={Lundberg, Scott M and Lee, Su-In},
  journal={Advances in neural information processing systems},
  volume={30},
  year={2017}
}

@article{bowler2015plasma,
  title={Plasma sphingolipids associated with chronic obstructive pulmonary disease phenotypes},
  author={Bowler, Russell P and Jacobson, Sean and Cruickshank, Charmion and Hughes, Grant J and Siska, Charlotte and Ory, Daniel S and Petrache, Irina and Schaffer, Jean E and Reisdorph, Nichole and Kechris, Katerina},
  journal={American journal of respiratory and critical care medicine},
  volume={191},
  number={3},
  pages={275--284},
  year={2015},
  publisher={American Thoracic Society}
}

@article{mukaka2012guide,
  title={A guide to appropriate use of correlation coefficient in medical research},
  author={Mukaka, Mavuto M},
  journal={Malawi medical journal},
  volume={24},
  number={3},
  pages={69--71},
  year={2012}
}

@article{xu2001monte,
  title={Monte Carlo cross validation},
  author={Xu, Qing-Song and Liang, Yi-Zeng},
  journal={Chemometrics and Intelligent Laboratory Systems},
  volume={56},
  number={1},
  pages={1--11},
  year={2001},
}
